@book{AQuart,
  author    = {Quarteroni, Alfio},
  title     = {Numerical Models for Differential Problems},
  year      = {2013},
  isbn      = {8847055210},
  publisher = {Springer Publishing Company, Incorporated},
  edition   = {2nd},
}

@manual{Lecture_Note_4,
  author       = {Unknown author},
  title        = {FEM for the Poisson problem in 2D},
  howpublished = {},
  url          = {https://www.math.ntnu.no/emner/TMA4220/2013h/notes/TMA4220_2007-Lecture_Note_4.pdf},
  year         = {2003}
}